<record><leader>00000cas a22000007a 4500</leader><controlfield tag="001">21993658</controlfield><controlfield tag="008">900712d18901905nyudn ne      0    0eng d</controlfield><datafield ind1=" " ind2=" " tag="010"><subfield code="a">sn 90066449 </subfield></datafield><datafield ind1=" " ind2=" " tag="040"><subfield code="a">NYS</subfield><subfield code="b">eng</subfield><subfield code="c">NYS</subfield><subfield code="d">OCLCQ</subfield></datafield><datafield ind1=" " ind2=" " tag="042"><subfield code="a">msc</subfield></datafield><datafield ind1="0" ind2="0" tag="245"><subfield code="a">Binghamton leader.</subfield></datafield><datafield ind1=" " ind2=" " tag="260"><subfield code="a">Binghamton, N.Y. :</subfield><subfield code="b">[s.n.]</subfield></datafield><datafield ind1=" " ind2=" " tag="300"><subfield code="a">v.</subfield></datafield><datafield ind1=" " ind2=" " tag="310"><subfield code="a">Daily (except Sunday)</subfield></datafield><datafield ind1="0" ind2=" " tag="362"><subfield code="a">Vol. 13, no. 128 (Sept. 27, 1890)-</subfield></datafield><datafield ind1="1" ind2=" " tag="362"><subfield code="a">Ceased Sept. 16, 1905.</subfield></datafield><datafield ind1=" " ind2="4" tag="651"><subfield code="a">Binghamton (N.Y.)</subfield><subfield code="v">Newspapers.</subfield></datafield><datafield ind1=" " ind2=" " tag="752"><subfield code="a">United States</subfield><subfield code="b">New York</subfield><subfield code="c">Broome</subfield><subfield code="d">Binghamton.</subfield></datafield><datafield ind1="0" ind2="0" tag="780"><subfield code="t">Daily leader (Binghamton, N.Y.)</subfield><subfield code="w">(DLC)sn 90066572</subfield><subfield code="w">(OCoLC)22685340</subfield></datafield><datafield ind1="0" ind2="7" tag="785"><subfield code="t">Binghamton press (Binghamton, N.Y. : 1904)</subfield><subfield code="w">(DLC)sn 84031544</subfield></datafield><datafield ind1="0" ind2="7" tag="785"><subfield code="t">Binghamton press and leader</subfield><subfield code="w">(DLC)sn 90066575</subfield><subfield code="w">(OCoLC)22754178</subfield></datafield><datafield ind1="1" ind2=" " tag="029"><subfield code="a">AU@</subfield><subfield code="b">000025867542</subfield></datafield></record>